<?xml version="1.0" encoding="UTF-8"?><collection xmlns="http://www.loc.gov/MARC21/slim"><record><leader>00366nam--2200133-i-4500</leader><controlfield tag="001">000001298</controlfield><controlfield tag="002">20161230</controlfield><controlfield tag="005">20161230201024</controlfield><controlfield tag="008">060222s1000------------r-----000-0-eng-d</controlfield><datafield ind1=" " ind2=" " tag="080"><subfield code="a">621.396(026)=2</subfield></datafield><datafield ind1=" " ind2=" " tag="100"><subfield code="a">Henney(Keith)</subfield></datafield><datafield ind1=" " ind2=" " tag="245"><subfield code="a">Radio engineering hanbook.fourth edition</subfield></datafield><datafield ind1=" " ind2=" " tag="260"><subfield code="a">New York, Toronto, Mcgraw-hill Book Company, 1950. X + 1197 P</subfield></datafield><datafield ind1=" " ind2=" " tag="852"><subfield code="a">2040</subfield></datafield></record></collection>